
  <record>
    <leader>01000aam  22002601a 4500</leader>
    <controlfield tag="001">YPZ10821</controlfield>
    <controlfield tag="003">YPZ</controlfield>
    <controlfield tag="005">200608071048190</controlfield>
    <controlfield tag="008">060807|###########||||||b||||||||||spa|d</controlfield>
    <datafield tag="020" ind1=" " ind2=" ">
      <subfield code="a">9810206534</subfield>
    </datafield>
    <datafield tag="040" ind1=" " ind2=" ">
      <subfield code="c">SIUNPA</subfield>
    </datafield>
    <datafield tag="041" ind1=" " ind2=" ">
      <subfield code="a">eng</subfield>
    </datafield>
    <datafield tag="044" ind1=" " ind2=" ">
      <subfield code="a">SG</subfield>
    </datafield>
    <datafield tag="080" ind1=" " ind2=" ">
      <subfield code="a">517.938 C461c</subfield>
    </datafield>
    <datafield tag="245" ind1=" " ind2=" ">
      <subfield code="a">Chaotic oscillators, theory and applications</subfield>
      <subfield code="b"> : theory and applications</subfield>
      <subfield code="c"> / edited by; Kapitaniak. Tomasz</subfield>
    </datafield>
    <datafield tag="260" ind1=" " ind2=" ">
      <subfield code="a">Singapore</subfield>
      <subfield code="b"> : World Scientific</subfield>
      <subfield code="c"> , c1992</subfield>
    </datafield>
    <datafield tag="300" ind1=" " ind2=" ">
      <subfield code="a">189 p. : </subfield>
      <subfield code="b">il. ; </subfield>
      <subfield code="a">1073 p. : </subfield>
      <subfield code="b">il. ; </subfield>
      <subfield code="a">xxxi,634 p. : </subfield>
      <subfield code="b">il. ; </subfield>
      <subfield code="a">1197 p. : </subfield>
      <subfield code="a">xv, 650 p. : </subfield>
      <subfield code="b">il. ; </subfield>
    </datafield>
    <datafield tag="650" ind1=" " ind2=" ">
      <subfield code="a">DINAMICA DE SISTEMAS</subfield>
    </datafield>
    <datafield tag="650" ind1=" " ind2=" ">
      <subfield code="a">OSCILADORES</subfield>
    </datafield>
    <datafield tag="650" ind1=" " ind2=" ">
      <subfield code="a">SISTEMA CAOTICO</subfield>
    </datafield>
    <datafield tag="650" ind1=" " ind2=" ">
      <subfield code="a">FRACTALES</subfield>
    </datafield>
    <datafield tag="942" ind1=" " ind2=" ">
      <subfield code="c">BK</subfield>
    </datafield>
    <datafield tag="952" ind1=" " ind2=" ">
      <subfield code="a">BIB_RECT</subfield>
      <subfield code="b">BIB_UARG</subfield>
      <subfield code="d">2006-08-28</subfield>
      <subfield code="y">BK</subfield>
      <subfield code="p">05-16135</subfield>
      <subfield code="i">05-16135</subfield>
      <subfield code="g"/>
      <subfield code="o">517.938 C461c</subfield>
      <subfield code="e">PIUARG-A 170/02</subfield>
      <subfield code="8">CG</subfield>
    </datafield>
  </record>