
  <record>
    <leader>01000aam  22002601a 4500</leader>
    <controlfield tag="001">YPZ10826</controlfield>
    <controlfield tag="003">YPZ</controlfield>
    <controlfield tag="005">200608071048190</controlfield>
    <controlfield tag="008">060807|###########||||||b||||||||||spa|d</controlfield>
    <datafield tag="020" ind1=" " ind2=" ">
      <subfield code="a">9810230699</subfield>
    </datafield>
    <datafield tag="040" ind1=" " ind2=" ">
      <subfield code="c">SIUNPA</subfield>
    </datafield>
    <datafield tag="041" ind1=" " ind2=" ">
      <subfield code="a">eng</subfield>
    </datafield>
    <datafield tag="044" ind1=" " ind2=" ">
      <subfield code="a">SG</subfield>
    </datafield>
    <datafield tag="080" ind1=" " ind2=" ">
      <subfield code="a">517.938 F799i</subfield>
    </datafield>
    <datafield tag="100" ind1=" " ind2=" ">
      <subfield code="a">Fradkov A. L..</subfield>
    </datafield>
    <datafield tag="700" ind1=" " ind2=" ">
      <subfield code="a">Pogromsky A. Yu..</subfield>
    </datafield>
    <datafield tag="245" ind1=" " ind2=" ">
      <subfield code="a">Introduction to control of oscillations and chaos</subfield>
      <subfield code="c"> / series editor; Chua. Leon O.</subfield>
    </datafield>
    <datafield tag="260" ind1=" " ind2=" ">
      <subfield code="a">Singapore</subfield>
      <subfield code="b"> : World Scientific</subfield>
      <subfield code="c"> , c1998</subfield>
    </datafield>
    <datafield tag="300" ind1=" " ind2=" ">
      <subfield code="a">2 v. : </subfield>
      <subfield code="a">2 v. : </subfield>
      <subfield code="a">2 v. : </subfield>
      <subfield code="a">xiv, 391 p. : </subfield>
      <subfield code="b">il. ; </subfield>
    </datafield>
    <datafield tag="440" ind1=" " ind2=" ">
      <subfield code="a">Wiley series in nonlinear science</subfield>
      <subfield code="a">Apollo</subfield>
      <subfield code="a">Serie McGraw-Hill de management</subfield>
      <subfield code="a">World scientific series on nonlinear science. Series A</subfield>
      <subfield code="v">35</subfield>
    </datafield>
    <datafield tag="490" ind1=" " ind2=" ">
      <subfield code="a">Wiley series in nonlinear science</subfield>
      <subfield code="a">Apollo</subfield>
      <subfield code="a">Serie McGraw-Hill de management</subfield>
      <subfield code="a">World scientific series on nonlinear science. Series A</subfield>
      <subfield code="v">35</subfield>
    </datafield>
    <datafield tag="440" ind1=" " ind2=" ">
      <subfield code="v">35</subfield>
    </datafield>
    <datafield tag="490" ind1=" " ind2=" ">
      <subfield code="v">35</subfield>
    </datafield>
    <datafield tag="650" ind1=" " ind2=" ">
      <subfield code="a">DINAMICA DE SISTEMAS</subfield>
    </datafield>
    <datafield tag="650" ind1=" " ind2=" ">
      <subfield code="a">OSCILACIONES</subfield>
    </datafield>
    <datafield tag="650" ind1=" " ind2=" ">
      <subfield code="a">CAOS</subfield>
    </datafield>
    <datafield tag="650" ind1=" " ind2=" ">
      <subfield code="a">SISTEMA NO LINEAL</subfield>
    </datafield>
    <datafield tag="942" ind1=" " ind2=" ">
      <subfield code="c">BK</subfield>
    </datafield>
    <datafield tag="952" ind1=" " ind2=" ">
      <subfield code="a">BIB_RECT</subfield>
      <subfield code="b">BIB_UARG</subfield>
      <subfield code="d">2006-08-28</subfield>
      <subfield code="y">BK</subfield>
      <subfield code="p">05-16144</subfield>
      <subfield code="i">05-16144</subfield>
      <subfield code="g"/>
      <subfield code="o">517.938 F799i</subfield>
      <subfield code="e">PIUARG-A 170/02</subfield>
      <subfield code="8">CG</subfield>
    </datafield>
  </record>