
  <record>
    <leader>01000aam  22002601a 4500</leader>
    <controlfield tag="001">YPZ11050</controlfield>
    <controlfield tag="003">YPZ</controlfield>
    <controlfield tag="005">200608071048190</controlfield>
    <controlfield tag="008">060807|###########||||||b||||||||||spa|d</controlfield>
    <datafield tag="020" ind1=" " ind2=" ">
      <subfield code="a">8426710220</subfield>
    </datafield>
    <datafield tag="040" ind1=" " ind2=" ">
      <subfield code="c">SIUNPA</subfield>
    </datafield>
    <datafield tag="041" ind1=" " ind2=" ">
      <subfield code="a">spa</subfield>
    </datafield>
    <datafield tag="044" ind1=" " ind2=" ">
      <subfield code="a">ES</subfield>
    </datafield>
    <datafield tag="080" ind1=" " ind2=" ">
      <subfield code="a">004.3 B619m</subfield>
    </datafield>
    <datafield tag="100" ind1=" " ind2=" ">
      <subfield code="a">Birmelin Michael.</subfield>
    </datafield>
    <datafield tag="245" ind1=" " ind2=" ">
      <subfield code="a">Manual de los procesadores 80xxx y pentium, arquitectura, propiedades y programación. Handbuch der 80xxx Prozessoren und pentium</subfield>
      <subfield code="b"> : arquitectura, propiedades y programación</subfield>
    </datafield>
    <datafield tag="246" ind1=" " ind2=" ">
      <subfield code="a">Handbuch der 80xxx Prozessoren und pentium.</subfield>
    </datafield>
    <datafield tag="260" ind1=" " ind2=" ">
      <subfield code="a">Barcelona</subfield>
      <subfield code="b"> : Marcombo</subfield>
      <subfield code="c"> , 1995</subfield>
    </datafield>
    <datafield tag="300" ind1=" " ind2=" ">
      <subfield code="a">ix, 319 p. : </subfield>
      <subfield code="b">il. ; </subfield>
      <subfield code="e">1 disquete 3 «</subfield>
    </datafield>
    <datafield tag="650" ind1=" " ind2=" ">
      <subfield code="a">ARQUITECTURA DE COMPUTADORAS</subfield>
    </datafield>
    <datafield tag="650" ind1=" " ind2=" ">
      <subfield code="a">SISTEMA OPERATIVO</subfield>
    </datafield>
    <datafield tag="942" ind1=" " ind2=" ">
      <subfield code="c">BK</subfield>
    </datafield>
    <datafield tag="952" ind1=" " ind2=" ">
      <subfield code="a">BIB_RECT</subfield>
      <subfield code="b">BIB_UARG</subfield>
      <subfield code="d">2006-08-28</subfield>
      <subfield code="y">BK</subfield>
      <subfield code="p">05-11217</subfield>
      <subfield code="i">05-11217</subfield>
      <subfield code="g"/>
      <subfield code="o">004.3 B619m</subfield>
      <subfield code="e">FOMEC 585/97</subfield>
      <subfield code="8">CG</subfield>
    </datafield>
  </record>