
  <record>
    <leader>01000aam  22002601a 4500</leader>
    <controlfield tag="001">YPZ12013</controlfield>
    <controlfield tag="003">YPZ</controlfield>
    <controlfield tag="005">200608101222230</controlfield>
    <controlfield tag="008">060810|###########||||||b||||||||||spa|d</controlfield>
    <datafield tag="020" ind1=" " ind2=" ">
      <subfield code="a">8432300705</subfield>
    </datafield>
    <datafield tag="040" ind1=" " ind2=" ">
      <subfield code="c">SIUNPA</subfield>
    </datafield>
    <datafield tag="041" ind1=" " ind2=" ">
      <subfield code="a">spa</subfield>
    </datafield>
    <datafield tag="044" ind1=" " ind2=" ">
      <subfield code="a">ES</subfield>
    </datafield>
    <datafield tag="080" ind1=" " ind2=" ">
      <subfield code="a">938 M965g17</subfield>
    </datafield>
    <datafield tag="245" ind1=" " ind2=" ">
      <subfield code="a">El mundo mediterráneo en la Edad Antigua, I, griegos y persas</subfield>
      <subfield code="b"> : griegos y persas</subfield>
      <subfield code="c"> / comp.; Bengtson. Hermann</subfield>
    </datafield>
    <datafield tag="250" ind1=" " ind2=" ">
      <subfield code="a">17a. ed</subfield>
    </datafield>
    <datafield tag="260" ind1=" " ind2=" ">
      <subfield code="a">Madrid</subfield>
      <subfield code="b"> : Siglo XXI</subfield>
      <subfield code="c"> , 1989</subfield>
    </datafield>
    <datafield tag="300" ind1=" " ind2=" ">
      <subfield code="a">v,413 p. : </subfield>
      <subfield code="b">il. ; </subfield>
    </datafield>
    <datafield tag="440" ind1=" " ind2=" ">
      <subfield code="a">Biblioteca románica hispánica</subfield>
      <subfield code="a">Colección Abya Yala</subfield>
      <subfield code="a">Cuento y relato</subfield>
      <subfield code="a">Los libros de Fundesco. Colección Impactos</subfield>
      <subfield code="a">Los libros de Fundesco. Colección Impactos</subfield>
      <subfield code="a">Hombre y sociedad. CLA.DE.MA</subfield>
      <subfield code="a">Pure and applied mathematics</subfield>
      <subfield code="a">Ciencias sociales. Filosofía</subfield>
      <subfield code="a">Historia universal Siglo XXI</subfield>
      <subfield code="v">v. 5</subfield>
    </datafield>
    <datafield tag="490" ind1=" " ind2=" ">
      <subfield code="a">Biblioteca románica hispánica</subfield>
      <subfield code="a">Colección Abya Yala</subfield>
      <subfield code="a">Cuento y relato</subfield>
      <subfield code="a">Los libros de Fundesco. Colección Impactos</subfield>
      <subfield code="a">Los libros de Fundesco. Colección Impactos</subfield>
      <subfield code="a">Hombre y sociedad. CLA.DE.MA</subfield>
      <subfield code="a">Pure and applied mathematics</subfield>
      <subfield code="a">Ciencias sociales. Filosofía</subfield>
      <subfield code="a">Historia universal Siglo XXI</subfield>
      <subfield code="v">v. 5</subfield>
    </datafield>
    <datafield tag="440" ind1=" " ind2=" ">
      <subfield code="v">v. 5</subfield>
    </datafield>
    <datafield tag="490" ind1=" " ind2=" ">
      <subfield code="v">v. 5</subfield>
    </datafield>
    <datafield tag="650" ind1=" " ind2=" ">
      <subfield code="a">HISTORIA ANTIGUA</subfield>
    </datafield>
    <datafield tag="650" ind1=" " ind2=" ">
      <subfield code="a">GRECIA</subfield>
    </datafield>
    <datafield tag="650" ind1=" " ind2=" ">
      <subfield code="a">HISTORIA DE GRECIA</subfield>
    </datafield>
    <datafield tag="650" ind1=" " ind2=" ">
      <subfield code="a">PERSIA</subfield>
    </datafield>
    <datafield tag="650" ind1=" " ind2=" ">
      <subfield code="a">HISTORIA DE PERSIA</subfield>
    </datafield>
    <datafield tag="650" ind1=" " ind2=" ">
      <subfield code="a">MESOPOTAMIA ASIATICA</subfield>
    </datafield>
    <datafield tag="942" ind1=" " ind2=" ">
      <subfield code="c">BK</subfield>
    </datafield>
    <datafield tag="952" ind1=" " ind2=" ">
      <subfield code="a">BIB_RECT</subfield>
      <subfield code="b">BIB_UARG</subfield>
      <subfield code="d">2006-08-28</subfield>
      <subfield code="y">BK</subfield>
      <subfield code="p">05-11691</subfield>
      <subfield code="i">05-11691</subfield>
      <subfield code="g"/>
      <subfield code="o">938 M965g17</subfield>
      <subfield code="e"/>
      <subfield code="8">CG</subfield>
    </datafield>
    <datafield tag="952" ind1=" " ind2=" ">
      <subfield code="a">BIB_RECT</subfield>
      <subfield code="b">BIB_UARG</subfield>
      <subfield code="d">2006-08-28</subfield>
      <subfield code="y">BK</subfield>
      <subfield code="p">05-12203</subfield>
      <subfield code="i">05-12203</subfield>
      <subfield code="g"/>
      <subfield code="o">938 M965g17</subfield>
      <subfield code="e"/>
      <subfield code="8">CG</subfield>
    </datafield>
  </record>