
  <record>
    <leader>01000aam  22002601a 4500</leader>
    <controlfield tag="001">YPZ12335</controlfield>
    <controlfield tag="003">YPZ</controlfield>
    <controlfield tag="005">200608101222230</controlfield>
    <controlfield tag="008">060810|###########||||||b||||||||||spa|d</controlfield>
    <datafield tag="020" ind1=" " ind2=" ">
      <subfield code="a">9504001378</subfield>
    </datafield>
    <datafield tag="040" ind1=" " ind2=" ">
      <subfield code="c">SIUNPA</subfield>
    </datafield>
    <datafield tag="041" ind1=" " ind2=" ">
      <subfield code="a">spa</subfield>
    </datafield>
    <datafield tag="044" ind1=" " ind2=" ">
      <subfield code="a">AR</subfield>
    </datafield>
    <datafield tag="080" ind1=" " ind2=" ">
      <subfield code="a">1 F911f</subfield>
    </datafield>
    <datafield tag="245" ind1=" " ind2=" ">
      <subfield code="a">Friedrich Nietzsche, El nacimiento de la tragedia o Grecia y el pesimismo</subfield>
      <subfield code="b"> : El nacimiento de la tragedia o Grecia y el pesimismo</subfield>
      <subfield code="c"> / introducción, traducción y notas de; Sánchez Pascual. Andrés</subfield>
    </datafield>
    <datafield tag="250" ind1=" " ind2=" ">
      <subfield code="a">1a. ed</subfield>
    </datafield>
    <datafield tag="260" ind1=" " ind2=" ">
      <subfield code="a">Buenos Aires</subfield>
      <subfield code="b"> : Alaianza</subfield>
      <subfield code="c"> , 1995</subfield>
    </datafield>
    <datafield tag="300" ind1=" " ind2=" ">
      <subfield code="a">278 p. : </subfield>
    </datafield>
    <datafield tag="440" ind1=" " ind2=" ">
      <subfield code="a">Cuadernos de Filosofía y Ensayo</subfield>
      <subfield code="a">CLA.DE.MA. Política</subfield>
      <subfield code="a">Teoría</subfield>
      <subfield code="a">Colección hombre y sociedad. Serie CLADEMA</subfield>
      <subfield code="a">Puñaladas. Ensayos de punta</subfield>
      <subfield code="a">Clásicos Políticos</subfield>
      <subfield code="a">Alianza bolsillo</subfield>
      <subfield code="v">80</subfield>
    </datafield>
    <datafield tag="490" ind1=" " ind2=" ">
      <subfield code="a">Cuadernos de Filosofía y Ensayo</subfield>
      <subfield code="a">CLA.DE.MA. Política</subfield>
      <subfield code="a">Teoría</subfield>
      <subfield code="a">Colección hombre y sociedad. Serie CLADEMA</subfield>
      <subfield code="a">Puñaladas. Ensayos de punta</subfield>
      <subfield code="a">Clásicos Políticos</subfield>
      <subfield code="a">Alianza bolsillo</subfield>
      <subfield code="v">80</subfield>
    </datafield>
    <datafield tag="440" ind1=" " ind2=" ">
      <subfield code="v">80</subfield>
    </datafield>
    <datafield tag="490" ind1=" " ind2=" ">
      <subfield code="v">80</subfield>
    </datafield>
    <datafield tag="650" ind1=" " ind2=" ">
      <subfield code="a">FILOSOFIA</subfield>
    </datafield>
    <datafield tag="650" ind1=" " ind2=" ">
      <subfield code="a">TRAGEDIA</subfield>
    </datafield>
    <datafield tag="650" ind1=" " ind2=" ">
      <subfield code="a">LITERATURA</subfield>
    </datafield>
    <datafield tag="942" ind1=" " ind2=" ">
      <subfield code="c">BK</subfield>
    </datafield>
    <datafield tag="952" ind1=" " ind2=" ">
      <subfield code="a">BIB_RECT</subfield>
      <subfield code="b">BIB_UARG</subfield>
      <subfield code="d">2006-08-28</subfield>
      <subfield code="y">BK</subfield>
      <subfield code="p">05-11968</subfield>
      <subfield code="i">05-11968</subfield>
      <subfield code="g"/>
      <subfield code="o">1 F911f</subfield>
      <subfield code="e">FOMEC 578</subfield>
      <subfield code="8">CG</subfield>
    </datafield>
  </record>