
  <record>
    <leader>01000aam  22002601a 4500</leader>
    <controlfield tag="001">YPZ12361</controlfield>
    <controlfield tag="003">YPZ</controlfield>
    <controlfield tag="005">200608101222230</controlfield>
    <controlfield tag="008">060810|###########||||||b||||||||||spa|d</controlfield>
    <datafield tag="020" ind1=" " ind2=" ">
      <subfield code="a">8430913521</subfield>
    </datafield>
    <datafield tag="040" ind1=" " ind2=" ">
      <subfield code="c">SIUNPA</subfield>
    </datafield>
    <datafield tag="041" ind1=" " ind2=" ">
      <subfield code="a">spa</subfield>
    </datafield>
    <datafield tag="044" ind1=" " ind2=" ">
      <subfield code="a">ES</subfield>
    </datafield>
    <datafield tag="080" ind1=" " ind2=" ">
      <subfield code="a">34(09) C669c3</subfield>
    </datafield>
    <datafield tag="245" ind1=" " ind2=" ">
      <subfield code="a">Código de Hammurabi</subfield>
      <subfield code="c"> / estudio preliminar, traducción y comentarios; Lara Peinado. Federico ; dir; Truyol y Serra. Antonio</subfield>
    </datafield>
    <datafield tag="250" ind1=" " ind2=" ">
      <subfield code="a">3a. ed</subfield>
    </datafield>
    <datafield tag="260" ind1=" " ind2=" ">
      <subfield code="a">Madrid</subfield>
      <subfield code="b"> : Tecnos</subfield>
      <subfield code="c"> , c1997</subfield>
    </datafield>
    <datafield tag="300" ind1=" " ind2=" ">
      <subfield code="a">cxxxix,229 p. : </subfield>
      <subfield code="b">il. ; </subfield>
    </datafield>
    <datafield tag="440" ind1=" " ind2=" ">
      <subfield code="a">Ciencias Sociales. Filosofía</subfield>
      <subfield code="a">Paidós cuestiones de educación</subfield>
      <subfield code="a">TIC. Tecnologías de la información y la comunicación</subfield>
      <subfield code="a">CLA.DE.MA. Filosofía</subfield>
      <subfield code="a">Filosofía y ensayo</subfield>
      <subfield code="a">Teoría</subfield>
      <subfield code="a">Colección clásicos del pensamiento</subfield>
      <subfield code="v">23</subfield>
    </datafield>
    <datafield tag="490" ind1=" " ind2=" ">
      <subfield code="a">Ciencias Sociales. Filosofía</subfield>
      <subfield code="a">Paidós cuestiones de educación</subfield>
      <subfield code="a">TIC. Tecnologías de la información y la comunicación</subfield>
      <subfield code="a">CLA.DE.MA. Filosofía</subfield>
      <subfield code="a">Filosofía y ensayo</subfield>
      <subfield code="a">Teoría</subfield>
      <subfield code="a">Colección clásicos del pensamiento</subfield>
      <subfield code="v">23</subfield>
    </datafield>
    <datafield tag="440" ind1=" " ind2=" ">
      <subfield code="v">23</subfield>
    </datafield>
    <datafield tag="490" ind1=" " ind2=" ">
      <subfield code="v">23</subfield>
    </datafield>
    <datafield tag="650" ind1=" " ind2=" ">
      <subfield code="a">DERECHO</subfield>
    </datafield>
    <datafield tag="650" ind1=" " ind2=" ">
      <subfield code="a">CODIGO DE HAMMURABI</subfield>
    </datafield>
    <datafield tag="650" ind1=" " ind2=" ">
      <subfield code="a">HAMMURABI, REY DE BABILONIA</subfield>
    </datafield>
    <datafield tag="650" ind1=" " ind2=" ">
      <subfield code="a">BABILONIA</subfield>
    </datafield>
    <datafield tag="942" ind1=" " ind2=" ">
      <subfield code="c">BK</subfield>
    </datafield>
    <datafield tag="952" ind1=" " ind2=" ">
      <subfield code="a">BIB_RECT</subfield>
      <subfield code="b">BIB_UARG</subfield>
      <subfield code="d">2006-08-28</subfield>
      <subfield code="y">BK</subfield>
      <subfield code="p">05-11941</subfield>
      <subfield code="i">05-11941</subfield>
      <subfield code="g"/>
      <subfield code="o">34(09) C669c3</subfield>
      <subfield code="e"/>
      <subfield code="8">CG</subfield>
    </datafield>
    <datafield tag="952" ind1=" " ind2=" ">
      <subfield code="a">BIB_RECT</subfield>
      <subfield code="b">BIB_UARG</subfield>
      <subfield code="d">2006-08-28</subfield>
      <subfield code="y">BK</subfield>
      <subfield code="p">05-12155</subfield>
      <subfield code="i">05-12155</subfield>
      <subfield code="g"/>
      <subfield code="o">34(09) C669c3</subfield>
      <subfield code="e"/>
      <subfield code="8">CG</subfield>
    </datafield>
  </record>